<record><leader>00000cas a22000007a 4500</leader><controlfield tag="001">12396312</controlfield><controlfield tag="008">850817d182918uupauwr ne      0    0eng d</controlfield><datafield ind1=" " ind2=" " tag="010"><subfield code="a">sn 85038404 </subfield></datafield><datafield ind1=" " ind2=" " tag="040"><subfield code="a">NPY</subfield><subfield code="b">eng</subfield><subfield code="c">NPY</subfield><subfield code="d">NPH</subfield><subfield code="d">CNK</subfield><subfield code="d">OCLCQ</subfield></datafield><datafield ind1=" " ind2=" " tag="042"><subfield code="a">msc</subfield></datafield><datafield ind1="0" ind2="0" tag="245"><subfield code="a">Literary casket and general intelligencer.</subfield></datafield><datafield ind1="1" ind2="7" tag="246"><subfield code="a">General intelligencer</subfield></datafield><datafield ind1=" " ind2=" " tag="260"><subfield code="a">Yellow Springs, Pa. :</subfield><subfield code="b">Marshall &amp; Siegfried</subfield></datafield><datafield ind1=" " ind2=" " tag="300"><subfield code="a">v. ;</subfield><subfield code="c">54 cm.</subfield></datafield><datafield ind1=" " ind2=" " tag="310"><subfield code="a">Weekly</subfield></datafield><datafield ind1="0" ind2=" " tag="362"><subfield code="a">Vol. 1, no. 1 (Apr. 14, 1829)-</subfield></datafield><datafield ind1=" " ind2=" " tag="752"><subfield code="a">United States</subfield><subfield code="b">Pennsylvania</subfield><subfield code="c">Chester</subfield><subfield code="d">West Chester.</subfield></datafield><datafield ind1="0" ind2="0" tag="785"><subfield code="t">Literary casket (West Chester, Pa.)</subfield><subfield code="w">(DLC)sn 90069154</subfield></datafield></record>